@article{Test_Bib,
    title={Test Title},
    DOI={test/DOI},
    journal={Test Journal},
    author={Test, Author},
    year={2015},
    month={Nov},
    url={},
}